<?xml version="1.0" encoding="UTF-8"?><collection xmlns="http://www.loc.gov/MARC21/slim"><record><leader>00394nam--2200145-i-4500</leader><controlfield tag="001">000008807</controlfield><controlfield tag="002">20161230</controlfield><controlfield tag="005">20161230201027</controlfield><controlfield tag="008">060222s1000------------r-----000-0-eng-d</controlfield><datafield ind1=" " ind2=" " tag="080"><subfield code="a">541.14</subfield></datafield><datafield ind1=" " ind2=" " tag="245"><subfield code="a">Advances in photochemistry</subfield></datafield><datafield ind1=" " ind2=" " tag="260"><subfield code="a">New York, Interscience Publishers, 1963-</subfield></datafield><datafield ind1=" " ind2=" " tag="490"><subfield code="a">Advances In Photochemistry</subfield></datafield><datafield ind1=" " ind2=" " tag="700"><subfield code="a">Noyes, W.A. Hammond, G.S. And Pitts, J.N</subfield></datafield><datafield ind1=" " ind2=" " tag="852"><subfield code="a">15242</subfield></datafield></record></collection>